<record><leader>00000cas a22000007a 4500</leader><controlfield tag="001">11663277</controlfield><controlfield tag="008">850206d18341911ohuwr ne      0    0eng d</controlfield><datafield ind1=" " ind2=" " tag="010"><subfield code="a">sn 84028891 </subfield></datafield><datafield ind1=" " ind2=" " tag="040"><subfield code="a">NPY</subfield><subfield code="b">eng</subfield><subfield code="c">NPY</subfield><subfield code="d">NPU</subfield><subfield code="d">ONP</subfield><subfield code="d">NVF</subfield><subfield code="d">OCL</subfield><subfield code="d">KRTAS</subfield><subfield code="d">OCLCQ</subfield><subfield code="d">OCLCF</subfield><subfield code="d">OCLCO</subfield></datafield><datafield ind1="1" ind2=" " tag="029"><subfield code="a">AU@</subfield><subfield code="b">000020121568</subfield></datafield><datafield ind1=" " ind2=" " tag="042"><subfield code="a">msc</subfield></datafield><datafield ind1=" " ind2=" " tag="043"><subfield code="a">n-us-oh</subfield></datafield><datafield ind1="0" ind2="0" tag="245"><subfield code="a">Tuscarawas advocate.</subfield></datafield><datafield ind1="3" ind2="0" tag="246"><subfield code="a">Advocate of Tuscarawas</subfield></datafield><datafield ind1=" " ind2=" " tag="260"><subfield code="a">New Philadelphia, Ohio :</subfield><subfield code="b">S. Douglas,</subfield><subfield code="c">1834-</subfield></datafield><datafield ind1=" " ind2=" " tag="300"><subfield code="a">v.</subfield></datafield><datafield ind1=" " ind2=" " tag="310"><subfield code="a">Weekly</subfield></datafield><datafield ind1="0" ind2=" " tag="362"><subfield code="a">Vol. 1, no. 1 (Oct. 25, 1834)-</subfield></datafield><datafield ind1="1" ind2=" " tag="362"><subfield code="a">Ceased with Mar. 15, 1911 issue.</subfield></datafield><datafield ind1=" " ind2=" " tag="500"><subfield code="a">Published as: Advocate of Tuscarawas, Oct. 25-Nov. 4, 1834.</subfield></datafield><datafield ind1=" " ind2=" " tag="500"><subfield code="a">Whig, 1834-1854; Republican, 1855-1911.</subfield></datafield><datafield ind1=" " ind2=" " tag="525"><subfield code="a">Supplements accompany some issues.</subfield></datafield><datafield ind1=" " ind2="0" tag="651"><subfield code="a">New Philadelphia (Ohio)</subfield><subfield code="v">Newspapers.</subfield></datafield><datafield ind1=" " ind2="0" tag="651"><subfield code="a">Tuscarawas County (Ohio)</subfield><subfield code="v">Newspapers.</subfield></datafield><datafield ind1=" " ind2="7" tag="655"><subfield code="a">Newspapers.</subfield><subfield code="2">fast</subfield><subfield code="0">(OCoLC)fst01423814</subfield></datafield><datafield ind1=" " ind2="7" tag="651"><subfield code="a">Ohio</subfield><subfield code="z">New Philadelphia.</subfield><subfield code="2">fast</subfield><subfield code="0">(OCoLC)fst01224835</subfield></datafield><datafield ind1=" " ind2="7" tag="651"><subfield code="a">Ohio</subfield><subfield code="z">Tuscarawas County.</subfield><subfield code="2">fast</subfield><subfield code="0">(OCoLC)fst01214193</subfield></datafield><datafield ind1=" " ind2=" " tag="752"><subfield code="a">United States</subfield><subfield code="b">Ohio</subfield><subfield code="c">Tuscarawas</subfield><subfield code="d">New Philadelphia.</subfield></datafield><datafield ind1="0" ind2="0" tag="780"><subfield code="t">Tuscarawas chronicle (New Philadelphia, Ohio : 1819)</subfield><subfield code="w">(DLC)sn 84028890</subfield></datafield><datafield ind1="0" ind2="7" tag="785"><subfield code="t">New Philadelphia tribune</subfield><subfield code="w">(DLC)sn 91069013</subfield></datafield><datafield ind1="0" ind2="7" tag="785"><subfield code="t">Advocate tribune (New Philadelphia, Ohio)</subfield><subfield code="w">(DLC)sn 84028895</subfield></datafield><datafield ind1=" " ind2=" " tag="938"><subfield code="a">Kirtas Technologies, Inc.</subfield><subfield code="b">KRTS</subfield><subfield code="n">739003</subfield></datafield></record>